<record><leader>00000cas a22000007a 4500</leader><controlfield tag="001">17235010</controlfield><controlfield tag="008">871214d18921925ohudn ne      0    0eng d</controlfield><datafield ind1=" " ind2=" " tag="010"><subfield code="a">sn 87075263 </subfield></datafield><datafield ind1=" " ind2=" " tag="040"><subfield code="a">ONP</subfield><subfield code="b">eng</subfield><subfield code="c">ONP</subfield><subfield code="d">OCLCQ</subfield></datafield><datafield ind1=" " ind2=" " tag="042"><subfield code="a">msc</subfield></datafield><datafield ind1="0" ind2=" " tag="130"><subfield code="a">Evening times (Martins Ferry, Ohio)</subfield></datafield><datafield ind1="1" ind2="4" tag="245"><subfield code="a">The Evening times.</subfield></datafield><datafield ind1=" " ind2=" " tag="260"><subfield code="a">Martins Ferry, Ohio :</subfield><subfield code="b">Sedgwick &amp; Barr</subfield></datafield><datafield ind1=" " ind2=" " tag="310"><subfield code="a">Daily (except Sun.)</subfield></datafield><datafield ind1="1" ind2=" " tag="362"><subfield code="a">Began with Mar. 2, 1891 issue; ceased in 1925?</subfield></datafield><datafield ind1=" " ind2=" " tag="588"><subfield code="a">Description based on: Vol. 1, no. 132 (Aug. 3, 1891).</subfield></datafield><datafield ind1=" " ind2=" " tag="752"><subfield code="a">United States</subfield><subfield code="b">Ohio</subfield><subfield code="c">Belmont</subfield><subfield code="d">Martins Ferry.</subfield></datafield><datafield ind1="0" ind2="0" tag="785"><subfield code="t">Daily times (Martins Ferry, Ohio)</subfield><subfield code="w">(DLC)sn 87075261</subfield></datafield></record>